<record><leader>00000cas a2200000 a 4500</leader><controlfield tag="001">12224409</controlfield><controlfield tag="008">850702d18161817paudn ne      0    0eng c</controlfield><datafield ind1=" " ind2=" " tag="010"><subfield code="a">sn 85054740 </subfield></datafield><datafield ind1=" " ind2=" " tag="040"><subfield code="a">PLF</subfield><subfield code="b">eng</subfield><subfield code="c">PLF</subfield><subfield code="d">NPH</subfield><subfield code="d">NPX</subfield><subfield code="d">NPH</subfield><subfield code="d">NVF</subfield><subfield code="d">OCL</subfield><subfield code="d">DLC</subfield><subfield code="d">OCLCQ</subfield><subfield code="d">OCLCF</subfield><subfield code="d">OCLCO</subfield></datafield><datafield ind1="1" ind2=" " tag="029"><subfield code="a">AU@</subfield><subfield code="b">000020126903</subfield></datafield><datafield ind1=" " ind2=" " tag="042"><subfield code="a">pcc</subfield></datafield><datafield ind1=" " ind2=" " tag="043"><subfield code="a">n-us-pa</subfield></datafield><datafield ind1="0" ind2=" " tag="130"><subfield code="a">True American and commercial advertiser (Philadelphia, Pa. : 1816)</subfield></datafield><datafield ind1="1" ind2="4" tag="245"><subfield code="a">The true American and commercial advertiser.</subfield></datafield><datafield ind1=" " ind2=" " tag="260"><subfield code="a">Philadelphia, Pa. :</subfield><subfield code="b">Stiles &amp; Miner,</subfield><subfield code="c">1816-1817.</subfield></datafield><datafield ind1=" " ind2=" " tag="300"><subfield code="a">2 v. :</subfield><subfield code="b">ill. (chiefly advertisements) ;</subfield><subfield code="c">53 cm.</subfield></datafield><datafield ind1=" " ind2=" " tag="310"><subfield code="a">Daily (except Sunday)</subfield></datafield><datafield ind1="0" ind2=" " tag="362"><subfield code="a">Vol. 3, no. 832 (Sept. 17, 1816)-v. 5, no. 1223 (Dec. 20, 1817).</subfield></datafield><datafield ind1=" " ind2=" " tag="500"><subfield code="a">Publishers: Stiles &amp; Miner, &lt;Sept. 17-Oct. 10, 1816&gt;; Thomas T. Stiles, &lt;Feb. 22-Nov. 29, 1817&gt;; Smith &amp; Cummins, &lt;Dec. 8-Dec. 20, 1817&gt;.</subfield></datafield><datafield ind1=" " ind2=" " tag="580"><subfield code="a">Semiweekly ed.: True American for the country.</subfield></datafield><datafield ind1=" " ind2="0" tag="651"><subfield code="a">Philadelphia (Pa.)</subfield><subfield code="v">Newspapers.</subfield></datafield><datafield ind1=" " ind2="7" tag="655"><subfield code="a">Newspapers.</subfield><subfield code="2">fast</subfield><subfield code="0">(OCoLC)fst01423814</subfield></datafield><datafield ind1=" " ind2="7" tag="651"><subfield code="a">Pennsylvania</subfield><subfield code="z">Philadelphia.</subfield><subfield code="2">fast</subfield><subfield code="0">(OCoLC)fst01204170</subfield></datafield><datafield ind1=" " ind2=" " tag="752"><subfield code="a">United States</subfield><subfield code="b">Pennsylvania</subfield><subfield code="c">Philadelphia</subfield><subfield code="d">Philadelphia.</subfield></datafield><datafield ind1="1" ind2=" " tag="775"><subfield code="t">True American for the country</subfield><subfield code="w">(DLC)sn 87062050</subfield></datafield><datafield ind1="0" ind2="0" tag="780"><subfield code="t">True American (Philadelphia, Pa. : 1815)</subfield><subfield code="w">(OCoLC)12224320</subfield></datafield><datafield ind1="0" ind2="0" tag="785"><subfield code="t">True American (Philadelphia, Pa. : 1817)</subfield><subfield code="w">(OCoLC)12224594</subfield></datafield></record>